%% LaTeX2e file `s673projref.bib'
%% generated by the `filecontents' environment
%% from source `s673proj' on 2023/01/16.
%%
@article{shimizu2006linear,
  title={A linear non-Gaussian acyclic model for causal discovery.},
  author={Shimizu, Shohei},
  journal={Journal of Machine Learning Research},
  volume={7},
  number={10},
  year={2006}
}
@article{shimizu2014lingam,
  title={LiNGAM: Non-Gaussian methods for estimating causal structures},
  author={Shimizu, Shohei},
  journal={Behaviormetrika},
  volume={41},
  number={1},
  pages={65--98},
  year={2014},
  publisher={Springer}
}
@article{klungel2015instrumental,
  title={Instrumental variable analysis in epidemiologic studies: an overview of the estimation methods},
  author={Klungel, OH and Uddin, M Jamal and de Boer, A and Belitser, SV and Groenwold, RH and Roes, KC and others},
  journal={Pharm Anal Acta},
  volume={6},
  number={353},
  pages={2},
  year={2015}
}
@article{card2001estimating,
  title={Estimating the return to schooling: Progress on some persistent econometric problems},
  author={Card, David},
  journal={Econometrica},
  volume={69},
  number={5},
  pages={1127--1160},
  year={2001},
  publisher={Wiley Online Library}
}
@book{christofides1995aspects,
  title={Aspects of labour market behaviour: Essays in honour of John Vanderkamp},
  author={Christofides, Loizos Nicolaou and Grant, E Kenneth and Vanderkamp, John and Swidinsky, Robert},
  year={1995},
  publisher={University of Toronto Press}
}
@book{angrist2014mastering,
  title={Mastering'metrics: The path from cause to effect},
  author={Angrist, Joshua D and Pischke, J{\"o}rn-Steffen},
  year={2014},
  publisher={Princeton university press}
}
@article{bielby1977structural,
  title={Structural equation models},
  author={Bielby, William Thomas and Hauser, Robert Mason},
  journal={Annual review of sociology},
  volume={3},
  number={1},
  pages={137--161},
  year={1977},
  publisher={Annual Reviews 4139 El Camino Way, PO Box 10139, Palo Alto, CA 94303-0139, USA}
}
@article{chalmers1981method,
  title={A method for assessing the quality of a randomized control trial},
  author={Chalmers, Thomas C and Smith Jr, Harry and Blackburn, Bradley and Silverman, Bernard and Schroeder, Biruta and Reitman, Dinah and Ambroz, Alexander},
  journal={Controlled clinical trials},
  volume={2},
  number={1},
  pages={31--49},
  year={1981},
  publisher={Elsevier}
}
@article{banerjee2016influence,
  title={The influence of randomized controlled trials on development economics research and on development policy},
  author={Banerjee, Abhijit Vinayak and Duflo, Esther and Kremer, Michael},
  journal={The state of Economics, the state of the world},
  pages={482--488},
  year={2016},
  publisher={PublicAffairs}
}
@techreport{mann1949analysis,
  title={Analysis and design of experiments: Analysis of variance and analysis of variance designs},
  author={Mann, Henry Berthold},
  year={1949}
}
@article{stock2003retrospectives,
  title={Retrospectives: Who invented instrumental variable regression?},
  author={Stock, James H and Trebbi, Francesco},
  journal={Journal of Economic Perspectives},
  volume={17},
  number={3},
  pages={177--194},
  year={2003}
}
@incollection{dinardo2010natural,
  title={Natural experiments and quasi-natural experiments},
  author={DiNardo, John},
  booktitle={Microeconometrics},
  pages={139--153},
  year={2010},
  publisher={Springer}
}
@article{lousdal2018introduction,
  title={An introduction to instrumental variable assumptions, validation and estimation},
  author={Lousdal, Mette Lise},
  journal={Emerging themes in epidemiology},
  volume={15},
  number={1},
  pages={1--7},
  year={2018},
  publisher={BioMed Central}
}
@misc{hernan2010causal,
  title={Causal inference},
  author={Hern{\'a}n, Miguel A and Robins, James M},
  year={2010},
  publisher={CRC Boca Raton, FL;}
}
@misc{card1993using,
  title={Using geographic variation in college proximity to estimate the return to schooling},
  author={Card, David},
  year={1993},
  publisher={National Bureau of Economic Research Cambridge, Mass., USA}
}
